<record xmlns="http://www.loc.gov/MARC21/slim">
   <leader>02091nam a2200385 i 4500</leader>
   <controlfield tag="001">6799692</controlfield>
   <controlfield tag="003">StDuBDS</controlfield>
   <controlfield tag="005">20150101193045.0</controlfield>
   <controlfield tag="006">m||||||||d||||||||</controlfield>
   <controlfield tag="007">cr |||||||||||</controlfield>
   <controlfield tag="008">140729s2015    ilu    fo|    001|0|eng|d</controlfield>
   <datafield ind1=" " ind2=" " tag="020">
      <subfield code="a">9780226150789 (ebook) :</subfield>
      <subfield code="c">No price</subfield>
   </datafield>
   <datafield ind1=" " ind2=" " tag="035">
      <subfield code="a">ocn902984558</subfield>
   </datafield>
   <datafield ind1=" " ind2=" " tag="039">
      <subfield code="a">exclude</subfield>
   </datafield>
   <datafield ind1=" " ind2=" " tag="040">
      <subfield code="a">StDuBDS</subfield>
      <subfield code="b">eng</subfield>
      <subfield code="c">StDuBDS</subfield>
      <subfield code="e">rda</subfield>
      <subfield code="e">pn</subfield>
      <subfield code="d">AEU</subfield>
   </datafield>
   <datafield ind1=" " ind2="0" tag="050">
      <subfield code="a">PR2819</subfield>
      <subfield code="b">.P35 2015</subfield>
   </datafield>
   <datafield ind1="0" ind2="4" tag="082">
      <subfield code="a">822.33</subfield>
      <subfield code="2">23</subfield>
   </datafield>
   <datafield ind1=" " ind2=" " tag="090">
      <subfield code="a">Internet Access</subfield>
      <subfield code="b">AEU</subfield>
   </datafield>
   <datafield ind1="1" ind2=" " tag="100">
      <subfield code="a">Palfrey, Simon,</subfield>
      <subfield code="e">author.</subfield>
   </datafield>
   <datafield ind1="1" ind2="0" tag="245">
      <subfield code="a">Poor Tom :</subfield>
      <subfield code="b">living "King Lear" /</subfield>
      <subfield code="c">Simon Palfrey.</subfield>
   </datafield>
   <datafield ind1=" " ind2="1" tag="264">
      <subfield code="a">Chicago :</subfield>
      <subfield code="b">The University of Chicago Press,</subfield>
      <subfield code="c">2015.</subfield>
   </datafield>
   <datafield ind1=" " ind2=" " tag="300">
      <subfield code="a">1 online resource</subfield>
   </datafield>
   <datafield ind1=" " ind2=" " tag="336">
      <subfield code="a">text</subfield>
      <subfield code="2">rdacontent</subfield>
   </datafield>
   <datafield ind1=" " ind2=" " tag="337">
      <subfield code="a">computer</subfield>
      <subfield code="2">rdamedia</subfield>
   </datafield>
   <datafield ind1=" " ind2=" " tag="338">
      <subfield code="a">online resource</subfield>
      <subfield code="2">rdacarrier</subfield>
   </datafield>
   <datafield ind1=" " ind2=" " tag="504">
      <subfield code="a">Includes bibliographical references and index.</subfield>
   </datafield>
   <datafield ind1=" " ind2=" " tag="506">
      <subfield code="a">Access restricted to authorized users and institutions.</subfield>
   </datafield>
   <datafield ind1="8" ind2=" " tag="520">
      <subfield code="a">One of the most memorable and affecting Shakespearean characters is Edgar in King Lear. He has long been celebrated for his faithfulness in the face of his father's rejection, and the scene in which he saves his blinded father from suicide is regarded as one of the most moving in all of Shakespeare. In 'Poor Tom', Simon Palfrey asks us to rethink all those received ideas - and thus to experience King Lear as never before. He argues that Edgar is Shakespeare's most radical experiment in characterization - and also his most exhaustive model of both human and theatrical possibility.</subfield>
   </datafield>
   <datafield ind1=" " ind2=" " tag="588">
      <subfield code="a">Description based on online resource; title from home page (viewed on November 26, 2014).</subfield>
   </datafield>
   <datafield ind1=" " ind2=" " tag="596">
      <subfield code="a">44</subfield>
   </datafield>
   <datafield ind1="1" ind2="0" tag="600">
      <subfield code="a">Shakespeare, William,</subfield>
      <subfield code="d">1564-1616.</subfield>
      <subfield code="t">King Lear.</subfield>
   </datafield>
   <datafield ind1=" " ind2="0" tag="650">
      <subfield code="a">Edgar (Fictitious character : Shakespeare)</subfield>
   </datafield>
   <datafield ind1="4" ind2="0" tag="856">
      <subfield code="3">University of Alberta Access</subfield>
      <subfield code="u">http://chicago.universitypressscholarship.com/view/10.7208/chicago/9780226150789.001.0001/upso-9780226150642</subfield>
      <subfield code="z">(Unlimited Concurrent Users)</subfield>
   </datafield>
   <datafield ind1=" " ind2=" " tag="949">
      <subfield code="h">UAIN</subfield>
      <subfield code="z">UPSO</subfield>
   </datafield>
   <datafield ind1=" " ind2=" " tag="926">
      <subfield code="a">Internet Access</subfield>
      <subfield code="w">LC</subfield>
      <subfield code="c">1</subfield>
      <subfield code="i">6799692-1001</subfield>
      <subfield code="l">INTERNET</subfield>
      <subfield code="m">UAINTERNET</subfield>
      <subfield code="r">Y</subfield>
      <subfield code="s">Y</subfield>
      <subfield code="t">E-RESOURCE</subfield>
      <subfield code="u">2/6/2015</subfield>
      <subfield code="x">E-BOOK</subfield>
      <subfield code="z">UPSO</subfield>
   </datafield>
</record>
